@article{stephen1962toxic,
  title={Toxic effect of urea on plants: nitrite toxicity arising from the use of urea as a fertilizer},
  author={Stephen, RC and Waid, JS and others},
  journal={Nature},
  volume={194},
  number={4835},
  pages={1263--1265},
  year={1962},
  publisher={Springer}
}

@article{hendriks2002nutritional,
  title={Nutritional quality and variation of meat and bone meal},
  author={Hendriks, WH and Butts, CA and Thomas, DV and James, KAC and Morel, PCA and Verstegen, MWA},
  journal={Asian-australasian journal of animal sciences},
  volume={15},
  number={10},
  pages={1507--1516},
  year={2002},
  publisher={Asian-Australasian Association of Animal Production Societies}
}

@article{conesa2003thermal,
  title={Thermal decomposition of meat and bone meal},
  author={Conesa, JA and Fullana, A and Font, R},
  journal={Journal of Analytical and Applied Pyrolysis},
  volume={70},
  number={2},
  pages={619--630},
  year={2003},
  publisher={Elsevier}
}

@article{deydier2005physical,
  title={Physical and chemical characterisation of crude meat and bone meal combustion residue:“waste or raw material?”},
  author={Deydier, Eric and Guilet, Richard and Sarda, St{\'e}phanie and Sharrock, Patrick},
  journal={Journal of Hazardous Materials},
  volume={121},
  number={1-3},
  pages={141--148},
  year={2005},
  publisher={Elsevier}
}

@incollection{jeng2007meat,
  title={Meat and bone meal as nitrogen and phosphorus fertilizer to cereals and rye grass},
  author={Jeng, Alhaji S and Haraldsen, Trond Knapp and Gr{\o}nlund, Arne and Pedersen, Per Anker},
  booktitle={Advances in integrated soil fertility management in sub-Saharan Africa: challenges and opportunities},
  pages={245--253},
  year={2007},
  publisher={Springer}
}

@article{lundstrom2001nitrogen,
  title={Nitrogen effects of human urine, meat bone meal (Biofer) and chicken manure (Binadan) as fertilisers applied to winter wheat, spring wheat, and spring barley in organic farming},
  author={Lundstr{\"o}m, C and Lind{\'e}n, B},
  journal={Swedish University of Agricultural Sciences, Department of Agricultural Research, Skara, Series B crops and soils, report},
  volume={8},
  pages={51},
  year={2001}
}

@article{jeng2004meat,
  title={Meat and bone meal as nitrogen fertilizer to cereals in Norway},
  author={Jeng, Alhaji and HARALDSEN, T and Vagstad, Nils},
  journal={Agricultural and Food Science},
  volume={13},
  number={3},
  pages={268--275},
  year={2004}
}

@article{chen2011meat,
  title={Meat bone meal as fertiliser for barley and oat},
  author={Chen, Lin and Kivel{\"a}, Jukka and Helenius, Juha and Kangas, Arjo},
  year={2011},
  publisher={MTT Agrifood Research Finland}
}

@article{parsons1997protein,
  title={Protein and amino acid quality of meat and bone meal},
  author={Parsons, Carl M and Castanon, F and Han, Y},
  journal={Poultry science},
  volume={76},
  number={2},
  pages={361--368},
  year={1997},
  publisher={Elsevier}
}

@article{moore1963117,
  title={[117] Chromatographic determination of amino acids by the use of automatic recording equipment},
  author={Moore, Stanford and Stein, William H},
  year={1963},
  publisher={Elsevier}
}

@article{moore1963determination,
  title={On the determination of cystine as cysteic acid},
  author={Moore, Stanford},
  journal={nine},
  volume={4},
  number={4},
  pages={9},
  year={1963}
}

@incollection{shashvatt2017evaluation,
  title={Evaluation of animal manure composition for protection of sensitive water supplies through nutrient recovery processes},
  author={Shashvatt, U and Aris, H and Blaney, L},
  booktitle={Chemistry and Water},
  pages={469--509},
  year={2017},
  publisher={Elsevier}
}
